<record><leader>00000cas a22000007a 4500</leader><controlfield tag="001">13756298</controlfield><controlfield tag="008">860620d1890189uokuwr ne      0    0eng d</controlfield><datafield ind1=" " ind2=" " tag="010"><subfield code="a">sn 86064084 </subfield></datafield><datafield ind1=" " ind2=" " tag="040"><subfield code="a">KSH</subfield><subfield code="b">eng</subfield><subfield code="c">KSH</subfield><subfield code="d">NPT</subfield><subfield code="d">DLC</subfield><subfield code="d">OBN</subfield><subfield code="d">OCLCQ</subfield><subfield code="d">OCLCF</subfield><subfield code="d">OCLCO</subfield></datafield><datafield ind1="1" ind2=" " tag="029"><subfield code="a">AU@</subfield><subfield code="b">000025818418</subfield></datafield><datafield ind1=" " ind2=" " tag="042"><subfield code="a">msc</subfield></datafield><datafield ind1="0" ind2=" " tag="130"><subfield code="a">Courier (Hennessey, Okla.)</subfield></datafield><datafield ind1="0" ind2="4" tag="245"><subfield code="a">The courier.</subfield></datafield><datafield ind1=" " ind2=" " tag="260"><subfield code="a">Hennessey, Indian Terr. [Okla.] :</subfield><subfield code="b">Moriarty &amp; Thorpe</subfield></datafield><datafield ind1=" " ind2=" " tag="300"><subfield code="a">v.</subfield></datafield><datafield ind1=" " ind2=" " tag="310"><subfield code="a">Weekly</subfield></datafield><datafield ind1="0" ind2=" " tag="362"><subfield code="a">Vol. 1, no. 15 (Feb. 27, 1890)-</subfield></datafield><datafield ind1=" " ind2=" " tag="500"><subfield code="a">Published in Kingfisher, Okla. Terr. &lt;Sept. 13, 1890&gt;-</subfield></datafield><datafield ind1=" " ind2="0" tag="651"><subfield code="a">Kingfisher (Okla.)</subfield><subfield code="v">Newspapers.</subfield></datafield><datafield ind1=" " ind2="0" tag="651"><subfield code="a">Hennessey (Okla.)</subfield><subfield code="v">Newspapers.</subfield></datafield><datafield ind1=" " ind2="0" tag="651"><subfield code="a">Indian Territory</subfield><subfield code="v">Newspapers.</subfield></datafield><datafield ind1=" " ind2="7" tag="655"><subfield code="a">Newspapers.</subfield><subfield code="2">fast</subfield><subfield code="0">(OCoLC)fst01423814</subfield></datafield><datafield ind1=" " ind2="7" tag="651"><subfield code="a">Oklahoma</subfield><subfield code="z">Hennessey.</subfield><subfield code="2">fast</subfield><subfield code="0">(OCoLC)fst01876602</subfield></datafield><datafield ind1=" " ind2="7" tag="651"><subfield code="a">Oklahoma</subfield><subfield code="z">Indian Territory.</subfield><subfield code="2">fast</subfield><subfield code="0">(OCoLC)fst01225150</subfield></datafield><datafield ind1=" " ind2="7" tag="651"><subfield code="a">Oklahoma</subfield><subfield code="z">Kingfisher.</subfield><subfield code="2">fast</subfield><subfield code="0">(OCoLC)fst01221397</subfield></datafield><datafield ind1=" " ind2=" " tag="752"><subfield code="a">United States</subfield><subfield code="b">Oklahoma</subfield><subfield code="c">Kingfisher</subfield><subfield code="d">Hennessey.</subfield></datafield><datafield ind1=" " ind2=" " tag="752"><subfield code="a">United States</subfield><subfield code="b">Oklahoma</subfield><subfield code="c">Kingfisher</subfield><subfield code="d">Kingfisher.</subfield></datafield><datafield ind1="0" ind2="0" tag="780"><subfield code="t">Hennessey courier</subfield><subfield code="w">(DLC)sn 86064083</subfield><subfield code="w">(OCoLC)13756271</subfield></datafield><datafield ind1="0" ind2="0" tag="785"><subfield code="t">Kingfisher news</subfield><subfield code="w">(DLC)sn 86064093</subfield><subfield code="w">(OCoLC)13686152</subfield></datafield></record>